@Misc{ForgottenArbiterGlitches,
  author =          {ForgottenArbiter},
  title =           {Four {S}lay the {S}pire {S}peedrunning Glitches ({S}ee {D}escription for {U}pdates)},
  howpublished =    {\url{https://www.youtube.com/watch?v=u8gYeZQGH1Y}},
  month =           {March},
  day =             20,
  year =            2019
}

@Misc{ForgottenArbiterMoreGlitches,
  author =          {ForgottenArbiter},
  title =           {More {S}lay the {S}pire {S}peedrunning {G}litches},
  howpublished =    {\url{https://www.youtube.com/watch?v=u8gYeZQGH1Y}},
  month =           {November},
  day =             22,
  year =            2020
}

@Misc{PhantomPreferences,
  author =          {Phantom},
  title =           {Speedrun {S}etup (automatic preferences overriding)},
  howpublished =    {\url{https://www.speedrun.com/slay_the_spire/guide/whfcq}},
  month =           {},
  day =             {},
  year =            2018
}

@Misc{SlayTheSpireLeaderboards,
  author =          {Speedrun.com},
  title =           {Slay the {S}pire},
  howpublished =    {\url{https://www.speedrun.com/slay_the_spire/}},
  month =           {},
  day =             {},
  year =            2017
}

@Misc{ForgottenArbiterCorrelatedRandomness,
  author =          {Forgotten Arbiter},
  title =           {Correlated {R}andomness in {S}lay the {S}pire},
  howpublished =    {\url{https://forgottenarbiter.github.io/Correlated-Randomness/}},
  month =           {July},
  day =             22,
  year =            2020
}